<record><leader>00000cas a22000007a 4500</leader><controlfield tag="001">22761056</controlfield><controlfield tag="008">901130d19321935ohuwr ne      0    0eng d</controlfield><datafield ind1=" " ind2=" " tag="010"><subfield code="a">sn 90068513 </subfield></datafield><datafield ind1=" " ind2=" " tag="040"><subfield code="a">ONP</subfield><subfield code="b">eng</subfield><subfield code="c">ONP</subfield><subfield code="d">OCLCQ</subfield></datafield><datafield ind1=" " ind2=" " tag="042"><subfield code="a">msc</subfield></datafield><datafield ind1="0" ind2=" " tag="130"><subfield code="a">Merchants news (Fairport Harbor, Ohio)</subfield></datafield><datafield ind1="1" ind2="0" tag="245"><subfield code="a">Merchants news.</subfield></datafield><datafield ind1=" " ind2=" " tag="260"><subfield code="a">Fairport Harbor, Ohio :</subfield><subfield code="b">Neal Print. Co.</subfield></datafield><datafield ind1=" " ind2=" " tag="300"><subfield code="a">v.</subfield></datafield><datafield ind1=" " ind2=" " tag="310"><subfield code="a">Weekly</subfield></datafield><datafield ind1="1" ind2=" " tag="362"><subfield code="a">Began in Mar. 1932; ceased in 1935.</subfield></datafield><datafield ind1=" " ind2=" " tag="588"><subfield code="a">Description based on: Vol. 2, no. 35 (Nov. 30, 1934).</subfield></datafield><datafield ind1=" " ind2="4" tag="651"><subfield code="a">Fairport Harbor (Ohio)</subfield><subfield code="v">Newspapers.</subfield></datafield><datafield ind1=" " ind2="4" tag="651"><subfield code="a">Lake County (Ohio)</subfield><subfield code="v">Newspapers.</subfield></datafield><datafield ind1=" " ind2=" " tag="752"><subfield code="a">United States</subfield><subfield code="b">Ohio</subfield><subfield code="c">Lake</subfield><subfield code="d">Fairport Harbor.</subfield></datafield><datafield ind1="0" ind2="0" tag="785"><subfield code="t">Fairport beacon</subfield><subfield code="w">(DLC)sn 88078614</subfield></datafield><datafield ind1="1" ind2=" " tag="029"><subfield code="a">AU@</subfield><subfield code="b">000025875774</subfield></datafield></record>